@book{upton2008oxford,
	author    = {Upton, Graham and Cook, Ian},
	title     = {Oxford Dictionary of Statistics},
	year      = {2008},
	publisher = {Oxford University Press},
	isbn      = {978-0-19-954145-4}
}
@article{tu2004data,
	author  = {Tu, Jun and Zhou, Guofu},
	title   = {Data-generating process uncertainty: What difference does it make in portfolio decisions?},
	journal = {Journal of Financial Economics},
	volume  = {72},
	number  = {2},
	pages   = {385--421},
	year    = {2004},
	doi     = {10.1016/j.jfineco.2003.05.003}
}
@book{robert2007bayesian,
	author    = {Christian P. Robert},
	title     = {The Bayesian Choice: From Decision-Theoretic Foundations to Computational Implementation},
	series    = {Springer Texts in Statistics},
	edition   = {2},
	publisher = {Springer-Verlag New York},
	year      = {2007},
	doi       = {10.1007/0-387-71599-1},
	isbn      = {978-0-387-71598-8}
}

@article{bartos2023fair,
	author       = {František Bartoš et. al},
	title        = {Fair coins tend to land on the same side they started: Evidence from 350,757 flips},
	journal      = {arXiv preprint arXiv:2310.04153},
	year         = {2023},
	url          = {https://arxiv.org/abs/2310.04153},
	note         = {Accessed: 2025-03-27}
}
@book{rossi2018,
	author    = {Richard J. Rossi},
	title     = {Mathematical Statistics: An Introduction to Likelihood Based Inference},
	year      = {2018},
	publisher = {John Wiley \& Sons},
	address   = {New York},
	isbn      = {978-1-118-77104-4},
	note      = {p. 227}
}
@book{wald1950,
	author    = {Abraham Wald},
	title     = {Statistical Decision Functions},
	publisher = {Wiley},
	address   = {Oxford, England},
	year      = {1950},
	pages     = {ix--179},
	note      = {Includes 76-item bibliography. PsycINFO Database Record (c) 2016},
	isbn      = {},
}
@book{peterson2017,
	author    = {Martin Peterson},
	title     = {An Introduction to Decision Theory},
	edition   = {2nd},
	year      = {2017},
	publisher = {Cambridge University Press},
	address   = {New York},
	isbn      = {978-1-107-15159-8}
}
@incollection{nikulin2001,
	author    = {M. S. Nikulin},
	title     = {Risk of a Statistical Procedure},
	booktitle = {Encyclopedia of Mathematics},
	year      = {2001},
	publisher = {EMS Press},
	note      = {Originally published in 1994},
	url       = {https://encyclopediaofmath.org/wiki/Risk_of_a_statistical_procedure}
}
@article{ulansky2021,
	author  = {Ulansky, V. and Raza, A.},
	title   = {Generalization of minimax and maximin criteria in a game against nature for the case of a partial a priori uncertainty},
	journal = {Heliyon},
	volume  = {7},
	number  = {7},
	pages   = {e07498},
	year    = {2021},
	month   = {Jul},
	doi     = {10.1016/j.heliyon.2021.e07498},
	PMID    = {34355074},
	PMCID   = {PMC8321931}
}
@article{DENG2005278,
	title = {A minimax portfolio selection strategy with equilibrium},
	journal = {European Journal of Operational Research},
	volume = {166},
	number = {1},
	pages = {278-292},
	year = {2005},
	note = {Metaheuristics and Worst-Case Guarantee Algorithms: Relations, Provable Properties and Applications},
	issn = {0377-2217},
	doi = {https://doi.org/10.1016/j.ejor.2004.01.040},
	url = {https://www.sciencedirect.com/science/article/pii/S0377221704001110},
	author = {Xiao-Tie Deng and Zhong-Fei Li and Shou-Yang Wang},
	keywords = {Uncertainty modelling, Portfolio selection, Optimization, Equilibrium}
}
