@inproceedings{kennedy1995particle,
  title={Particle swarm optimization},
  author={Kennedy, James and Eberhart, Russell C},
  booktitle={Proceedings of ICNN'95-International Conference on Neural Networks},
  volume={4},
  pages={1942--1948},
  year={1995},
  organization={IEEE}
}
@inproceedings{shi1998modified,
  title={A modified particle swarm optimizer},
  author={Shi, Yuhui and Eberhart, Russell C},
  booktitle={1998 IEEE International Conference on Evolutionary Computation Proceedings. IEEE World Congress on Computational Intelligence (Cat. No. 98TH8360)},
  pages={69--73},
  year={1998},
  organization={IEEE}
}
@article{clerc2002particle,
  title={The particle swarmâ€”explosion, stability, and convergence in a multidimensional complex space},
  author={Clerc, Maurice and Kennedy, James},
  journal={IEEE Transactions on Evolutionary Computation},
  volume={6},
  number={1},
  pages={58--73},
  year={2002},
  publisher={IEEE}
}
